@misc{baeldung_java,
title={The dining philosophers problem in Java},
url={https://www.baeldung.com/java-dining-philoshophers},
journal={Baeldung}, author={Baeldung},
year={2022},
month={Jun}}